<?xml version="1.0" encoding="UTF-8"?><collection xmlns="http://www.loc.gov/MARC21/slim"><record><leader>00329nam--2200133-i-4500</leader><controlfield tag="001">000028435</controlfield><controlfield tag="002">20161230</controlfield><controlfield tag="005">20161230201037</controlfield><controlfield tag="008">060222s1000------------r-----000-0-eng-d</controlfield><datafield ind1=" " ind2=" " tag="100"><subfield code="a">Kiver, Milton S</subfield></datafield><datafield ind1=" " ind2=" " tag="245"><subfield code="a">Transistors</subfield></datafield><datafield ind1=" " ind2=" " tag="260"><subfield code="a">Third Edition</subfield></datafield><datafield ind1=" " ind2=" " tag="490"><subfield code="a">New York, Mcgraw-hill Book Co, Inc., 1962. Vii+528p</subfield></datafield><datafield ind1=" " ind2=" " tag="852"><subfield code="a">17998</subfield></datafield></record></collection>